% This file was created with JabRef 2.10b.
% Encoding: UTF-8

@inproceedings{Plotkin2009,
author = {Plotkin, Gordon and Pretnar, Matija},
booktitle = {ESOP ’09: Proceedings of the 18th European Symposium on Programming Languages and Systems},
file = {:Users/edwin/Downloads/10.1007_978-3-642-00590-9_7:1007_978-3-642-00590-9_7},
pages = {80----94},
title = {{Handlers of Algebraic Effects}},
year = {2009}
}

@InCollection{jpa,
  Title                    = {Java Persistence API},
  Author                   = {B{\"o}ck, Heiko},
  Booktitle                = {The Definitive Guide to NetBeans Platform 7},
  Publisher                = {Springer},
  Year                     = {2011},
  Pages                    = {315--320},

  Owner                    = {sf37},
  Timestamp                = {2013.07.31}
}

@Electronic{bbc:sony,
  Title                    = {Sony investigating another hack},
  Author                   = {{BBC News}},
  Month                    = {June},
  Url                      = {http://www.bbc.co.uk/news/business-13636704},
  Year                     = {2011},

  Owner                    = {sf37},
  Timestamp                = {2013.07.30}
}

@InCollection{brady:edsl,
  Title                    = {Resource-safe systems programming with embedded domain specific languages},
  Author                   = {Brady, Edwin and Hammond, Kevin},
  Booktitle                = {Practical Aspects of Declarative Languages},
  Publisher                = {Springer},
  Year                     = {2012},
  Pages                    = {242--257},

  Owner                    = {sf37},
  Timestamp                = {2013.07.31}
}

@Conference{brady:effects,
  Title                    = {Programming and Reasoning with Algebraic Effects and Dependent Types},
  Author                   = {Edwin Brady},
  Booktitle                = {Proceedings of the 18th ACM SIGPLAN International Conference on Functional Programming},
  Year                     = {2013},
  Note                     = {To appear.},

  Owner                    = {sf37},
  Timestamp                = {2013.07.27}
}

@article{brady2013idris,
author = {Edwin Brady},
title = {Idris, a general-purpose dependently typed programming language: Design and implementation},
journal = {Journal of Functional Programming},
volume = {23},
issue = {05},
month = {9},
year = {2013},
issn = {1469-7653},
pages = {552--593},
numpages = {42},
doi = {10.1017/S095679681300018X},
URL = {http://journals.cambridge.org/article_S095679681300018X},
}

@InProceedings{brady2011idris,
  Title                    = {IDRIS---: systems programming meets full dependent types},
  Author                   = {Brady, Edwin},
  Booktitle                = {Proceedings of the 5th ACM workshop on Programming languages meets program verification},
  Year                     = {2011},
  Organization             = {ACM},
  Pages                    = {43--54},

  Owner                    = {sf37},
  Timestamp                = {2013.07.27}
}

@InProceedings{urweb,
  Title                    = {Ur: statically-typed metaprogramming with type-level record computation},
  Author                   = {Chlipala, Adam},
  Booktitle                = {ACM Sigplan Notices},
  Year                     = {2010},
  Number                   = {6},
  Organization             = {ACM},
  Pages                    = {122--133},
  Volume                   = {45},

  Owner                    = {sf37},
  Timestamp                = {2013.07.31}
}

@InProceedings{christiansen:dtp,
  Title                    = {Dependent Type Providers},
  Author                   = {David Raymond Christiansen},
  Booktitle                = {Workshop on Generic Programming (WGP '13)},
  Year                     = {2013},

  Owner                    = {sf37},
  Timestamp                = {2013.07.31}
}

@Article{ieee:sony,
  Title                    = {Security, Privacy, and Policy Roundup},
  Author                   = {Lee Garber},
  Journal                  = {IEEE Security \& Privacy},
  Year                     = {2012},
  Number                   = {2},
  Pages                    = {15-17},
  Volume                   = {10},

  Address                  = {Los Alamitos, CA, USA},
  Doi                      = {http://doi.ieeecomputersociety.org/10.1109/MSP.2012.48},
  ISSN                     = {1540-7993},
  Owner                    = {sf37},
  Publisher                = {IEEE Computer Society},
  Timestamp                = {2013.07.30}
}

@Article{imperva:yahoo,
  Title                    = {{Lessons Learned From the Yahoo! Hack}},
  Author                   = {{Imperva}},
  Year                     = {2013},

  Owner                    = {sf37},
  Timestamp                = {2013.07.30},
  Url                      = {http://www.imperva.com/download.asp?id=299‎}
}

@Article{mcbride.mckinna:viewfromleft,
  Title                    = {The view from the left},
  Author                   = {C. McBride and J. McKinna},
  Journal                  = {{J}ournal of {F}unctional {P}rogramming},
  Year                     = {2004},
  Number                   = {1},
  Pages                    = {69--111},
  Volume                   = {14},

  Owner                    = {sf37},
  Timestamp                = {2013.07.27}
}

@Article{meijer:cgi,
  Title                    = {Server side web scripting in Haskell},
  Author                   = {Erik Meijer},
  Journal                  = {Journal of Functional Programming},
  Year                     = {2000},

  Month                    = {1},
  Pages                    = {1--18},
  Volume                   = {10},

  Doi                      = {null},
  ISSN                     = {1469-7653},
  Issue                    = {01},
  Numpages                 = {18},
  Owner                    = {sf37},
  Timestamp                = {2013.07.31},
  Url                      = {http://journals.cambridge.org/article_S0956796899003561}
}

@Electronic{owasp:xss,
  Title                    = {{Cross-site Scripting (XSS)}},
  Author                   = {{OWASP}},
  Url                      = {https://www.owasp.org/index.php/Cross-site_scripting},

  Owner                    = {sf37},
  Timestamp                = {2013.07.30}
}

@Electronic{owasp:sqli,
  Title                    = {{SQL Injection}},
  Author                   = {{OWASP}},
  Url                      = {https://www.owasp.org/index.php/SQL_injection},
  Year                     = {2013},

  Owner                    = {sf37},
  Timestamp                = {2013.07.30}
}

@InCollection{plasmeijer:cms,
  Title                    = {A Conference Management System based on the iData Toolkit},
  Author                   = {Plasmeijer, Rinus and Achten, Peter},
  Booktitle                = {Implementation and Application of Functional Languages},
  Publisher                = {Springer},
  Year                     = {2007},
  Pages                    = {108--125},

  Owner                    = {sf37},
  Timestamp                = {2013.07.31}
}

@InCollection{plasmeijer:idata,
  Title                    = {iData for the world wide web--programming interconnected web forms},
  Author                   = {Plasmeijer, Rinus and Achten, Peter},
  Booktitle                = {Functional and Logic Programming},
  Publisher                = {Springer},
  Year                     = {2006},
  Pages                    = {242--258},

  Owner                    = {sf37},
  Timestamp                = {2013.07.31}
}

@Article{plasmeijer:itasks,
  Title                    = {iTasks: executable specifications of interactive work flow systems for the web},
  Author                   = {Rinus Plasmeijer and Peter Achten and Pieter Koopman},
  Journal                  = {SIGPLAN Not},
  Year                     = {2007},
  Pages                    = {141--152},
  Volume                   = {42},

  Owner                    = {sf37},
  Timestamp                = {2013.07.31}
}

@TechReport{msr:tp,
  Title                    = {Strongly-typed language support for internet-scale information sources},
  Author                   = {Syme, Don and Battocchi, Keith and Takeda, Kenji and Malayeri, Donna and Fisher, Jomo and Hu, Jack and Liu, Tao and McNamara, Brian and Quirk, Daniel and Taveggia, Matteo and others},
  Institution              = {Technical Report. Microsoft Research},
  Year                     = {2012},

  Owner                    = {sf37},
  Timestamp                = {2013.07.31}
}

@InCollection{thiemann:wash,
  Title                    = {WASH/CGI: Server-side web scripting with sessions and typed, compositional forms},
  Author                   = {Thiemann, Peter},
  Booktitle                = {Practical Aspects of Declarative Languages},
  Publisher                = {Springer},
  Year                     = {2002},
  Pages                    = {192--208},

  Owner                    = {sf37},
  Timestamp                = {2013.07.31}
}

@InCollection{webdsl,
  Title                    = {WebDSL: A case study in domain-specific language engineering},
  Author                   = {Visser, Eelco},
  Booktitle                = {Generative and Transformational Techniques in Software Engineering II},
  Publisher                = {Springer},
  Year                     = {2008},
  Pages                    = {291--373},

  Owner                    = {sf37},
  Timestamp                = {2013.07.31}
}

@Electronic{w3techs:webpls,
  Title                    = {Usage of server-side programming languages for websites},
  Author                   = {{W3Techs}},
  Month                    = {July},
  Url                      = {http://w3techs.com/technologies/overview/programming_language/all},
  Year                     = {2013},

  Owner                    = {sf37},
  Timestamp                = {2013.07.30}
}

